@MISC{danteintro,
	author={Deutschsprachige Anwendervereinigung TeX e.{\,}V.},
	title={Erste Schritte mit TeX, LaTeX  und Co},
	url={http://www.dante.de/tex/TeXAnfaenger.html},
	year = 2014
}

@MISC{ltx2any,
	author={Raphael Reitzig},
	title={ltx2any -- Yet another LaTeX build wrapper, with one or two nifty features},
	url={https://github.com/akerbos/ltx2any/},
	year={2015}
}

@BOOK{gitbook,
	author = {Scott Chacon},
	title = {Pro Git (Expert's Voice in Software Development)},
	publisher={Apress},
	year = {2009},
	isbn = {978-1430218333},
	url = {http://www.git-scm.com/book}
}

@ARTICLE{johnson2002theoretician,
	author = {Johnson, David S},
	editor = {Goldwasser, Michael H and Johnson, David S and McGeoch, Catherine C},
	journal = {American Mathematical Society},
	number = {5--6},
	pages = {1--36},
	publisher = {American Mathematical Society},
	series = {DIMACS series in discrete mathematics and theoretical computer science},
	title = {{A Theoretician's Guide to the Experimental Analysis of Algorithms}},
	url = {http://www2.research.att.com/~dsj/papers/experguide.pdf},
	volume = {220},
	year = {2001}
}

@ARTICLE{seville,
   author    = "{Adams et al.}",
   title     = "The {S}eville Statement on Violence",
   journal   = "6th International Colloquium \emph{on} Brain and Aggression",
   year      = 1986,
}
@MANUAL{rotating,
   author    = "L. Barroca",
   title     = "A style option for rotated objects in \LaTeX/",
   editiontype = "Version",
   edition   = "2.10",
   year      = 1995,
}
@ARTICLE{Gill,
   author    = "A. E. Gill",
   title     = "Some Simple Solutions for Heat-Induced Tropical Circulation",
   journal   = "Quart. J. R. Met. Soc.",
   volume    = 106,
   year      = 1980,
   pages     = "447-462",
}
@BOOK{Companion,
   author    = "M. Goossens and F. Mittelbach and A. Samarin",
   title     = "The \LaTeX/ Companion",
   publisher = "Addison-Wesley",
   year      = 1994,
}
@BOOK{TeX,
   author    = "D. E. Knuth",
   title     = "The \TeX/book",
   publisher = "Addison-Wesley",
   year      = 1984,
}
@BOOK{LaTeX,
   author    = "L. Lamport",
   title     = "\LaTeX/ -- A Document Preparation System",
   publisher = "Addison-Wesley",
   edition   = "first",
   year      = 1985,
}
@MANUAL{usrguide,
   author    = "{The \LaTeX/3  Project Team}",
   title     = "\LaTeX/ for authors",
   month     = jun,
   year      = 1995,
}
@MANUAL{lshort,
   author    = "T. Oetiker",
   title     = "The Not So Short Introduction to \LaTeX/",
   editiontype = "Version",
   edition   = "2.2",
   month     = jan,
   year      = 1996,
}
@BOOK{Hamlet,
   author    = "W. Shakespeare",
   title     = "Hamlet",
   publisher = "F.~S.~Crofts~\&~Co.",
   address   = "New York",
   year      = 1946,
}

@MISC{bibliographystylewebpage,
   title={The {EPTCS} bibliography style},
	url={http://biblio.eptcs.org},
	year = {Retrieved on March 18, 2019}
}
